<?xml version="1.0" encoding="UTF-8"?><record xmlns="http://www.loc.gov/MARC21/slim" xmlns:cinclude="http://apache.org/cocoon/include/1.0" xmlns:zs="http://www.loc.gov/zing/srw/">
  <leader>01254cz  a2200277n  4500</leader>
  <controlfield tag="001">n  88254269 </controlfield>
  <controlfield tag="003">DLC</controlfield>
  <controlfield tag="005">20140904073737.0</controlfield>
  <controlfield tag="008">890712n| azannaabn          |a aaa      </controlfield>
  <datafield tag="010" ind1=" " ind2=" ">
    <subfield code="a">n  88254269 </subfield>
    <subfield code="z">n  95086757 </subfield>
  </datafield>
  <datafield tag="035" ind1=" " ind2=" ">
    <subfield code="a">(OCoLC)oca02558807</subfield>
  </datafield>
  <datafield tag="040" ind1=" " ind2=" ">
    <subfield code="a">DLC</subfield>
    <subfield code="b">eng</subfield>
    <subfield code="e">rda</subfield>
    <subfield code="c">DLC</subfield>
    <subfield code="d">NIC</subfield>
    <subfield code="d">DLC</subfield>
    <subfield code="d">TNJ</subfield>
    <subfield code="d">NIC</subfield>
  </datafield>
  <datafield tag="100" ind1="1" ind2=" ">
    <subfield code="a">Maier, Hendrik M. J.</subfield>
  </datafield>
  <datafield tag="370" ind1=" " ind2=" ">
    <subfield code="c">Netherlands</subfield>
  </datafield>
  <datafield tag="372" ind1=" " ind2=" ">
    <subfield code="a">Malay philology</subfield>
    <subfield code="a">Indonesian philology</subfield>
    <subfield code="2">lcsh</subfield>
  </datafield>
  <datafield tag="375" ind1=" " ind2=" ">
    <subfield code="a">male</subfield>
  </datafield>
  <datafield tag="377" ind1=" " ind2=" ">
    <subfield code="a">dut</subfield>
    <subfield code="a">eng</subfield>
  </datafield>
  <datafield tag="400" ind1="1" ind2=" ">
    <subfield code="a">Maier, H. M. J.</subfield>
    <subfield code="q">(Hendrik M. J.)</subfield>
  </datafield>
  <datafield tag="400" ind1="1" ind2=" ">
    <subfield code="a">Maier, Henk</subfield>
  </datafield>
  <datafield tag="400" ind1="1" ind2=" ">
    <subfield code="a">Maier, H. J. M.</subfield>
  </datafield>
  <datafield tag="670" ind1=" " ind2=" ">
    <subfield code="a">His In the center of authority, 1988:</subfield>
    <subfield code="b">t.p. (Hendrik M.J. Maier)</subfield>
  </datafield>
  <datafield tag="670" ind1=" " ind2=" ">
    <subfield code="a">Sjeik Abdullah en de bloemen, c1978:</subfield>
    <subfield code="b">t.p. (H.M.J. Maier)</subfield>
  </datafield>
  <datafield tag="670" ind1=" " ind2=" ">
    <subfield code="a">Wisseling van de wacht, 1995:</subfield>
    <subfield code="b">t.p. (Henk Maier) p. 4 of cover (prof. of Indonesian, Rijksuniv. Leiden)</subfield>
  </datafield>
  <datafield tag="670" ind1=" " ind2=" ">
    <subfield code="a">Personal communication from R. Paseng Barnard, Asst. Curator, Echols Collection, Kroch Library, Cornell Univ., 9/25/96</subfield>
    <subfield code="b">(H.M.J. Maier and Henk Maier are the same person)</subfield>
  </datafield>
  <datafield tag="670" ind1=" " ind2=" ">
    <subfield code="a">Honderd jaar studie van IndonesieĚ ... 1976:</subfield>
    <subfield code="b">t.p. verso (H.J.M. Maier)</subfield>
  </datafield>
  <datafield tag="670" ind1=" " ind2=" ">
    <subfield code="a">Epic adventures, 2004:</subfield>
    <subfield code="b">t.p. (Henk M.J. Maier) p. 197 (Luce Professor of Southeast Asian Studies, Univ. Of Calif., Riverside)</subfield>
  </datafield>
</record>